<record><leader>00000cas a2200000 a 4500</leader><controlfield tag="001">11066084</controlfield><controlfield tag="008">840817c19779999hiumr ne      0   a0eng c</controlfield><datafield ind1=" " ind2=" " tag="010"><subfield code="a">sn 99060641 </subfield></datafield><datafield ind1=" " ind2=" " tag="040"><subfield code="a">HUH</subfield><subfield code="b">eng</subfield><subfield code="c">HUH</subfield><subfield code="d">CNK</subfield><subfield code="d">OCLCQ</subfield><subfield code="d">OCLCF</subfield><subfield code="d">OCLCO</subfield><subfield code="d">OCL</subfield></datafield><datafield ind1=" " ind2=" " tag="037"><subfield code="b">Jewish Federation of Hawaii, 817 Cooke St., Honolulu, Hawaii, 96813</subfield></datafield><datafield ind1=" " ind2=" " tag="042"><subfield code="a">pcc</subfield></datafield><datafield ind1=" " ind2=" " tag="043"><subfield code="a">n-us-hi</subfield></datafield><datafield ind1=" " ind2=" " tag="090"><subfield code="a">BM223.H3</subfield><subfield code="b">H3</subfield></datafield><datafield ind1="0" ind2="0" tag="245"><subfield code="a">Hawaii Jewish news.</subfield></datafield><datafield ind1=" " ind2=" " tag="260"><subfield code="a">Honolulu, Hawaii :</subfield><subfield code="b">[Hawaii Jewish News]</subfield></datafield><datafield ind1=" " ind2=" " tag="300"><subfield code="a">v. :</subfield><subfield code="b">ill. ;</subfield><subfield code="c">28-45 cm.</subfield></datafield><datafield ind1=" " ind2=" " tag="310"><subfield code="a">Monthly</subfield></datafield><datafield ind1="0" ind2=" " tag="362"><subfield code="a">Vol. 1, no. 1 (May 1977)-</subfield></datafield><datafield ind1=" " ind2=" " tag="515"><subfield code="a">Vols. for May 1977- issued by Hawaii Jewish Welfare Fund; by Jewish Federation of Hawaii.</subfield></datafield><datafield ind1=" " ind2="0" tag="650"><subfield code="a">Jewish newspapers</subfield><subfield code="z">Hawaii.</subfield></datafield><datafield ind1=" " ind2="7" tag="650"><subfield code="a">Jewish newspapers.</subfield><subfield code="2">fast</subfield><subfield code="0">(OCoLC)fst00982872</subfield></datafield><datafield ind1=" " ind2="7" tag="651"><subfield code="a">Hawaii.</subfield><subfield code="2">fast</subfield><subfield code="0">(OCoLC)fst01208724</subfield></datafield><datafield ind1="2" ind2=" " tag="710"><subfield code="a">Jewish Federation of Hawaii.</subfield></datafield><datafield ind1="2" ind2=" " tag="710"><subfield code="a">Hawaii Jewish Welfare Fund.</subfield></datafield><datafield ind1="0" ind2="5" tag="780"><subfield code="t">Chavurah-Hillel newsletter</subfield></datafield></record>